% BiBTeX database for lorentzPRL

@Article{geant4,
      author         = "Agostinelli, S.  and others",
      journal        = "Nucl.Instrum.Meth.",
      volume         = "A506",
      pages          = "250-303",
      year           = "2003",
}

@Article{genie,
   author = "Andreopoulos, C. and others",
   title = "{The GENIE Neutrino Monte Carlo Generator}",
   journal = "Nucl. Instrum. Meth.",
   volume = "A614",
   year = "2010",
   pages = "87-104",
   eprint = "0905.2517",
   archivePrefix = "arXiv",
   primaryClass = "hep-ph",
   doi = "10.1016/j.nima.2009.12.009",
   SLACcitation = "%%CITATION = 0905.2517;%%"
} 

@Misc{art,
  note="{\tt https://cdcvs.fnal.gov/redmine/projects/art/}"
  }

@article{fluka,
   author = {{Battistoni}, G. and {Cerutti}, F. and {Fass{\`o}}, A. and {Ferrari}, A. and 
	{Muraro}, S. and {Ranft}, J. and {Roesler}, S. and {Sala}, P.~R.
	},
   title = "{The FLUKA code: description and benchmarking}",
   keywords = {Computer data analysis, Monte Carlo simulations, Applications of Monte Carlo methods},
   booktitle = {Hadronic Shower Simulition Workshop},
    year = 2007,
   series = {American Institute of Physics Conference Series},
   volume = 896,
   editor = {{Albrow}, M. and {Raja}, R.},
   month = mar,
   pages = {31-49},
   doi = {10.1063/1.2720455},
   adsurl = {http://adsabs.harvard.edu/abs/2007AIPC..896...31B},
  adsnote = {Provided by the SAO/NASA Astrophysics Data System}
 }
  
@Misc{snowmass-if-document,
	note="The Snowmass Intensity Frontier Report"
}	

@Misc{instrumentation-IF-report,
	note="The Snowmass Intensity Frontier Instrumentation Report"
}	


@Misc{cry,
note="Tech. Rep. UCRL-TM-229453 Lawrence Livermore National Laboratory"
}

@Misc{chroma,
  note="{\tt http://bitbucket.org/chroma/chroma}"
  }

@Misc{root,
note="{\tt http://root.cern.ch}"
}

@article{nest,
      author         = "Szydagis, M. and others",
      title          = "{NEST: A Comprehensive Model for Scintillation Yield in
                        Liquid Xenon}",
      journal        = "JINST",
      volume         = "6",
      pages          = "P10002",
      doi            = "10.1088/1748-0221/6/10/P10002",
      year           = "2011",
      eprint         = "1106.1613",
      archivePrefix  = "arXiv",
      primaryClass   = "physics.ins-det",
      SLACcitation   = "%%CITATION = ARXIV:1106.1613;%%",
}

@article{gibuu,
      author         = "Buss, O. and  others",
      title          = "{Transport-theoretical Description of Nuclear Reactions}",
      journal        = "Phys.Rept.",
      volume         = "512",
      pages          = "1-124",
      doi            = "10.1016/j.physrep.2011.12.001",
      year           = "2012",
      eprint         = "1106.1344",
      archivePrefix  = "arXiv",
      primaryClass   = "hep-ph",
      SLACcitation   = "%%CITATION = ARXIV:1106.1344;%%",
}

@Misc{larsoft,
note="{\tt https://cdcvs.fnal.gov/redmine/projects/larsoftsvn/wiki}"
}

@Misc{nusoft,
note="{\tt https://cdcvs.fnal.gov/redmine/projects/nusoftart/wiki}"
}

@Misc{redmine,
note="{\tt http://www.redmine.org/guide}"
}

@Misc{pmns-toolkit,
note="{\tt http://projects-docdb.fnal.gov:8080/cgi-bin/ShowDocument?docid=2410}"
}

@Misc{lecompte, 
note="T. LeCompte. Geant, Supercomputers and You. Seminar at Iowa State University. February 2013.s"
 }
 
@Misc{weinstein, 
note="A. Weinstein et. al.  Concept Paper: Smart Self-Assembling Data for Heterogenous Detector Arrays."
 }
 

@article{Tagg:2011wk,
     author         = "Tagg, N. and others",
     title          = "{Arachne - A web-based event viewer for MINERvA}",
     collaboration  = "MINERvA Collaboration",
     journal        = "Nucl.Instrum.Meth.",
     volume         = "676",
     pages          = "44-49",
     doi            = "10.1016/j.nima.2012.01.059",
     year           = "2012",
     eprint         = "1111.5315",
     archivePrefix  = "arXiv",
     primaryClass   = "hep-ex",
     reportNumber   = "FERMILAB-PUB-11-625-E",
     SLACcitation   = "%%CITATION = ARXIV:1111.5315;%%",
}

@article{Huber:2007ji,
     author         = "Huber, Patrick and Kopp, Joachim and Lindner, Manfred and
                       Rolinec, Mark and Winter, Walter",
     title          = "{New features in the simulation of neutrino oscillation
                       experiments with GLoBES 3.0: General Long Baseline
                       Experiment Simulator}",
     journal        = "Comput.Phys.Commun.",
     volume         = "177",
     pages          = "432-438",
     doi            = "10.1016/j.cpc.2007.05.004",
     year           = "2007",
     eprint         = "hep-ph/0701187",
     archivePrefix  = "arXiv",
     primaryClass   = "hep-ph",
     reportNumber   = "TUM-HEP-656-07",
     SLACcitation   = "%%CITATION = HEP-PH/0701187;%%",
}


